@book{baues1980geometry,
	title={Geometry of loop spaces and the cobar construction},
	author={Baues, Hans J},
	volume={230},
	year={1980},
	publisher={American Mathematical Soc.}
}

@article {adams1957cobar,
	AUTHOR = {Adams, J. F.},
	TITLE = {On the cobar construction},
	JOURNAL = {Proc. Nat. Acad. Sci. U.S.A.},
	FJOURNAL = {Proceedings of the National Academy of Sciences of the United
	States of America},
	VOLUME = {42},
	YEAR = {1956},
	PAGES = {409--412},
	ISSN = {0027-8424},
	MRCLASS = {55.0X},
	MRNUMBER = {79266},
	MRREVIEWER = {W. S. Massey},
	DOI = {10.1073/pnas.42.7.409},
	URL = {https://doi.org/10.1073/pnas.42.7.409},
}

@article{kadeishvili1998dg,
	title={{DG} {H}opf algebras with {S}teenrodâ€™s i-th coproducts},
	author={Kadeishvili, T},
	journal={Bull. Georgian Acad. Sci},
	volume={158},
	number={2},
	pages={203--206},
	year={1998}
}

@article {chataur2005adem-cartan,
	AUTHOR = {Chataur, David and Livernet, Muriel},
	TITLE = {Adem-{C}artan operads},
	JOURNAL = {Comm. Algebra},
	FJOURNAL = {Communications in Algebra},
	VOLUME = {33},
	YEAR = {2005},
	NUMBER = {11},
	PAGES = {4337--4360},
	ISSN = {0092-7872},
	MRCLASS = {55S10 (18D50 55P48)},
	MRNUMBER = {2184004},
	MRREVIEWER = {Vincent Giambalvo},
	DOI = {10.1080/00927870500243205},
	URL = {https://doi.org/10.1080/00927870500243205},
}

@article {eilenberg1953acyclic,
	AUTHOR = {Eilenberg, Samuel and MacLane, Saunders},
	TITLE = {Acyclic models},
	JOURNAL = {Amer. J. Math.},
	FJOURNAL = {American Journal of Mathematics},
	VOLUME = {75},
	YEAR = {1953},
	PAGES = {189--199},
	ISSN = {0002-9327},
	MRCLASS = {56.0X},
	MRNUMBER = {52766},
	MRREVIEWER = {H. Cartan},
	DOI = {10.2307/2372628},
	URL = {https://doi.org/10.2307/2372628},
}

@article {gonzalez2005hpt,
	AUTHOR = {Gonzalez-Diaz, Rocio and Real, Pedro},
	TITLE = {H{PT} and cocyclic operations},
	JOURNAL = {Homology Homotopy Appl.},
	FJOURNAL = {Homology, Homotopy and Applications},
	VOLUME = {7},
	YEAR = {2005},
	NUMBER = {2},
	PAGES = {95--108},
	ISSN = {1532-0081},
	MRCLASS = {55S10 (05E99)},
	MRNUMBER = {2156309},
	MRREVIEWER = {Adriana Ciampella},
	URL = {http://projecteuclid.org/euclid.hha/1139839376},
}

@inproceedings{bauer2017hott,
	title={The HoTT library: a formalization of homotopy type theory in Coq},
	author={Bauer, Andrej and Gross, Jason and Lumsdaine, Peter LeFanu and Shulman, Michael and Sozeau, Matthieu and Spitters, Bas},
	booktitle={Proceedings of the 6th ACM SIGPLAN Conference on Certified Programs and Proofs},
	pages={164--172},
	year={2017}
}

@article{brumfiel2018pontrjagin,
	title={The {P}ontrjagin dual of 4-dimensional spin bordism. arXiv e-prints},
	author={Brumfiel, G and Morgan, J},
	journal={arXiv preprint arXiv:1803.08147},
	year={2018}
}

@article{de2007coverage,
	title={Coverage in sensor networks via persistent homology},
	author={De Silva, Vin and Ghrist, Robert},
	journal={Algebraic \& Geometric Topology},
	volume={7},
	number={1},
	pages={339--358},
	year={2007},
	publisher={Mathematical Sciences Publishers}
}

@article{chan2013topology,
	title={Topology of viral evolution},
	author={Chan, Joseph Minhow and Carlsson, Gunnar and Rabadan, Raul},
	journal={Proceedings of the National Academy of Sciences},
	volume={110},
	number={46},
	pages={18566--18571},
	year={2013},
	publisher={National Acad Sciences}
}

@article{edelsbrunner2008persistent,
	title={Persistent homology -- a survey},
	author={Edelsbrunner, Herbert and Harer, John},
	journal={Contemporary mathematics},
	volume={453},
	pages={257--282},
	year={2008},
	publisher={Providence, RI: American Mathematical Society}
}

@article{steenrod47products,
	title={Products of cocycles and extensions of mappings},
	author={Steenrod, Norman E},
	journal={Annals of Mathematics},
	pages={290--320},
	year={1947},
	publisher={JSTOR}
}

@article {steenrod53symmetric,
	AUTHOR = {Steenrod, N. E.},
	TITLE = {Homology groups of symmetric groups and reduced power
	operations},
	JOURNAL = {Proc. Nat. Acad. Sci. U.S.A.},
	FJOURNAL = {Proceedings of the National Academy of Sciences of the United
	States of America},
	VOLUME = {39},
	YEAR = {1953},
	PAGES = {213--217},
	ISSN = {0027-8424},
	MRCLASS = {56.0X},
	MRNUMBER = {54964},
	MRREVIEWER = {H. Cartan},
	DOI = {10.1073/pnas.39.3.213},
	URL = {https://doi.org/10.1073/pnas.39.3.213},
}

@article {steenrod53cyclic,
	AUTHOR = {Steenrod, N. E.},
	TITLE = {Cyclic reduced powers of cohomology classes},
	JOURNAL = {Proc. Nat. Acad. Sci. U.S.A.},
	FJOURNAL = {Proceedings of the National Academy of Sciences of the United
	States of America},
	VOLUME = {39},
	YEAR = {1953},
	PAGES = {217--223},
	ISSN = {0027-8424},
	MRCLASS = {56.0X},
	MRNUMBER = {54965},
	MRREVIEWER = {H. Cartan},
	DOI = {10.1073/pnas.39.3.217},
	URL = {https://doi.org/10.1073/pnas.39.3.217},
}

@article {milnor1958dual,
	AUTHOR = {Milnor, John},
	TITLE = {The {S}teenrod algebra and its dual},
	JOURNAL = {Ann. of Math. (2)},
	FJOURNAL = {Annals of Mathematics. Second Series},
	VOLUME = {67},
	YEAR = {1958},
	PAGES = {150--171},
	ISSN = {0003-486X},
	MRCLASS = {55.00 (18.00)},
	MRNUMBER = {99653},
	MRREVIEWER = {G. Hirsch},
	DOI = {10.2307/1969932},
	URL = {https://doi.org/10.2307/1969932},
}

@book {adams1995stable,
	AUTHOR = {Adams, J. F.},
	TITLE = {Stable homotopy and generalised homology},
	SERIES = {Chicago Lectures in Mathematics},
	NOTE = {Reprint of the 1974 original},
	PUBLISHER = {University of Chicago Press, Chicago, IL},
	YEAR = {1995},
	PAGES = {x+373},
	ISBN = {0-226-00524-0},
	MRCLASS = {55-02 (57-02)},
	MRNUMBER = {1324104},
}

@book {benson1998rep,
	AUTHOR = {Benson, D. J.},
	TITLE = {Representations and cohomology. {II}},
	SERIES = {Cambridge Studies in Advanced Mathematics},
	VOLUME = {31},
	EDITION = {Second},
	NOTE = {Cohomology of groups and modules},
	PUBLISHER = {Cambridge University Press, Cambridge},
	YEAR = {1998},
	PAGES = {xii+279},
	ISBN = {0-521-63652-3},
	MRCLASS = {20-02 (19-02 20Cxx 20Jxx 55-02)},
	MRNUMBER = {1634407},
}

@article {carlsson2009data,
	AUTHOR = {Carlsson, Gunnar},
	TITLE = {Topology and data},
	JOURNAL = {Bull. Amer. Math. Soc. (N.S.)},
	FJOURNAL = {American Mathematical Society. Bulletin. New Series},
	VOLUME = {46},
	YEAR = {2009},
	NUMBER = {2},
	PAGES = {255--308},
	ISSN = {0273-0979},
	MRCLASS = {55-02 (62-02 62-07 94A12)},
	MRNUMBER = {2476414},
	MRREVIEWER = {Peter Bubenik},
	DOI = {10.1090/S0273-0979-09-01249-X},
	URL = {https://doi.org/10.1090/S0273-0979-09-01249-X},
}

@article{lee2017quantifying,
	title={Quantifying similarity of pore-geometry in nanoporous materials},
	author={Lee, Yongjin and Barthel, Senja D and D{\l}otko, Pawe{\l} and Moosavi, S Mohamad and Hess, Kathryn and Smit, Berend},
	journal={Nature communications},
	volume={8},
	number={1},
	pages={1--8},
	year={2017},
	publisher={Nature Publishing Group}
}

@article{gaiotto2016spin,
	title={Spin {TQFT}s and fermionic phases of matter},
	author={Gaiotto, Davide and Kapustin, Anton},
	journal={International Journal of Modern Physics A},
	volume={31},
	number={28n29},
	pages={1645044},
	year={2016},
	publisher={World Scientific}
}

@article{bhardwaj2017state,
	title={State sum constructions of spin-{TFT}s and string net constructions of fermionic phases of matter},
	author={Bhardwaj, Lakshya and Gaiotto, Davide and Kapustin, Anton},
	journal={Journal of High Energy Physics},
	volume={2017},
	number={4},
	pages={96},
	year={2017},
	publisher={Springer}
}

@article {kapustin2017fermionic,
	AUTHOR = {Kapustin, Anton and Thorngren, Ryan},
	TITLE = {Fermionic {SPT} phases in higher dimensions and bosonization},
	JOURNAL = {J. High Energy Phys.},
	FJOURNAL = {Journal of High Energy Physics},
	YEAR = {2017},
	NUMBER = {10},
	PAGES = {080, front matter+48},
	ISSN = {1126-6708},
	MRCLASS = {81T30},
	MRNUMBER = {3731133},
	DOI = {10.1007/jhep10(2017)080},
	URL = {https://doi.org/10.1007/jhep10(2017)080},
}

@article {cimasoni2007dimers,
	AUTHOR = {Cimasoni, David and Reshetikhin, Nicolai},
	TITLE = {Dimers on surface graphs and spin structures. {I}},
	JOURNAL = {Comm. Math. Phys.},
	FJOURNAL = {Communications in Mathematical Physics},
	VOLUME = {275},
	YEAR = {2007},
	NUMBER = {1},
	PAGES = {187--208},
	ISSN = {0010-3616},
	MRCLASS = {82B20 (05C90 82B41)},
	MRNUMBER = {2335773},
	MRREVIEWER = {Christian Mercat},
	DOI = {10.1007/s00220-007-0302-7},
	URL = {https://doi.org/10.1007/s00220-007-0302-7},
}

@book {may72geometry,
	AUTHOR = {May, J. P.},
	TITLE = {The geometry of iterated loop spaces},
	NOTE = {Lectures Notes in Mathematics, Vol. 271},
	PUBLISHER = {Springer-Verlag, Berlin-New York},
	YEAR = {1972},
	PAGES = {viii+175},
	MRCLASS = {55D35},
	MRNUMBER = {0420610},
	MRREVIEWER = {J. Stasheff},
}

@book {may76homology,
	AUTHOR = {Cohen, Frederick R. and Lada, Thomas J. and May, J. Peter},
	TITLE = {The homology of iterated loop spaces},
	SERIES = {Lecture Notes in Mathematics, Vol. 533},
	PUBLISHER = {Springer-Verlag, Berlin-New York},
	YEAR = {1976},
	PAGES = {vii+490},
	MRCLASS = {55G25 (55D35)},
	MRNUMBER = {0436146},
	MRREVIEWER = {Peter J. Eccles},
}

@incollection{lawson2020n,
	title={En-spectra and {D}yer-{L}ashof operations},
	author={Lawson, Tyler},
	booktitle={Handbook of Homotopy Theory},
	pages={793--849},
	year={2020},
	publisher={Chapman and Hall/CRC}
}

@article {araki56squaring,
	AUTHOR = {Kudo, Tatsuji and Araki, Sh\^{o}r\^{o}},
	TITLE = {Topology of {$H_n$}-spaces and {$H$}-squaring operations},
	JOURNAL = {Mem. Fac. Sci. Ky\={u}sy\={u} Univ. A},
	FJOURNAL = {Memoirs of the Faculty of Science. Kyushu University. Series
	A. Mathematics},
	VOLUME = {10},
	YEAR = {1956},
	PAGES = {85--120},
	ISSN = {0373-6385},
	MRCLASS = {55.0X},
	MRNUMBER = {87948},
	MRREVIEWER = {R. Bott},
}

@article {dyer62lashof,
	AUTHOR = {Dyer, Eldon and Lashof, R. K.},
	TITLE = {Homology of iterated loop spaces},
	JOURNAL = {Amer. J. Math.},
	FJOURNAL = {American Journal of Mathematics},
	VOLUME = {84},
	YEAR = {1962},
	PAGES = {35--88},
	ISSN = {0002-9327},
	MRCLASS = {55.30 (55.40)},
	MRNUMBER = {141112},
	MRREVIEWER = {J. F. Adams},
	DOI = {10.2307/2372804},
	URL = {https://doi.org/10.2307/2372804},
}

@article {1996steenrod,
	AUTHOR = {Real, Pedro},
	TITLE = {On the computability of the {S}teenrod squares},
	JOURNAL = {Ann. Univ. Ferrara Sez. VII (N.S.)},
	FJOURNAL = {Annali dell'Universit\`a di Ferrara. Nuova Serie. Sezione VII.
	Scienze Matematiche},
	VOLUME = {42},
	YEAR = {1996},
	PAGES = {57--63 (1998)},
	ISSN = {0430-3202},
	MRCLASS = {55S05 (55S10)},
	MRNUMBER = {1622630},
	MRREVIEWER = {N. J. Kuhn},
}

@incollection {pilarczyk2016cubical,
	AUTHOR = {Kr\v{c}\'{a}l, Marek and Pilarczyk, Pawe\l },
	TITLE = {Computation of cubical {S}teenrod squares},
	BOOKTITLE = {Computational topology in image context},
	SERIES = {Lecture Notes in Comput. Sci.},
	VOLUME = {9667},
	PAGES = {140--151},
	PUBLISHER = {Springer, [Cham]},
	YEAR = {2016},
	MRCLASS = {55N45 (55U15 68W30)},
	MRNUMBER = {3533883},
	DOI = {10.1007/978-3-319-39441-1_13},
	URL = {https://doi.org/10.1007/978-3-319-39441-1_13},
}

@article{manero2020effective,
	title={Effective computation of degree bounded minimal models of GCDAs},
	author={Manero, Victor and Marco Buzun{\'a}riz, Miguel},
	journal={Journal of Software for Algebra and Geometry},
	volume={10},
	number={1},
	pages={25--39},
	year={2020},
	publisher={Mathematical Sciences Publishers}
}

@article {pilarczyk2015contraction,
	AUTHOR = {Pilarczyk, Pawe\l and Real, Pedro},
	TITLE = {Computation of cubical homology, cohomology, and
	(co)homological operations via chain contraction},
	JOURNAL = {Adv. Comput. Math.},
	FJOURNAL = {Advances in Computational Mathematics},
	VOLUME = {41},
	YEAR = {2015},
	NUMBER = {1},
	PAGES = {253--275},
	ISSN = {1019-7168},
	MRCLASS = {55N35 (55-04 55U15 55U30)},
	MRNUMBER = {3311480},
	MRREVIEWER = {Peter Saveliev},
	DOI = {10.1007/s10444-014-9356-1},
	URL = {https://doi.org/10.1007/s10444-014-9356-1},
}

@manual{sagemath,
	Author       = {{Sage Developers}},
	Title        = {{S}ageMath, the {S}age {M}athematics {S}oftware {S}ystem}
}

@misc{dousson2014kenzo,
	title={The Kenzo program, Institut Fourier, Grenoble, 1999},
	author={Dousson, Xavier and Sergeraert, Francis and Siret, Yvon},
	year={2014}
}

@book {jacobson1989algebra,
	AUTHOR = {Jacobson, Nathan},
	TITLE = {Basic algebra. {II}},
	EDITION = {Second},
	PUBLISHER = {W. H. Freeman and Company, New York},
	YEAR = {1989},
	PAGES = {xviii+686},
	ISBN = {0-7167-1933-9},
	MRCLASS = {00A05 (12-01 15-01 16-01)},
	MRNUMBER = {1009787},
	MRREVIEWER = {P. M. Cohn},
}

@book {loday2012operads,
	AUTHOR = {Loday, Jean-Louis and Vallette, Bruno},
	TITLE = {Algebraic operads},
	SERIES = {Grundlehren der Mathematischen Wissenschaften [Fundamental
	Principles of Mathematical Sciences]},
	VOLUME = {346},
	PUBLISHER = {Springer, Heidelberg},
	YEAR = {2012},
	PAGES = {xxiv+634},
	ISBN = {978-3-642-30361-6},
	MRCLASS = {18D50 (16E99)},
	MRNUMBER = {2954392},
	MRREVIEWER = {Andrey Yu. Lazarev},
	DOI = {10.1007/978-3-642-30362-3},
	URL = {https://doi.org/10.1007/978-3-642-30362-3},
}

@article{eilenberg1953groups,
	title={On the groups ${H}(\pi,n)$, {I}},
	author={Eilenberg, Samuel and Mac Lane, Saunders},
	journal={Ann. of Math.(2)},
	volume={58},
	number={1},
	pages={55--106},
	year={1953}
}

@book{steenrod62operations,
	title={Cohomology operations},
	author={Steenrod, Norman Earl and Epstein, David BA},
	number={50-51},
	year={1962},
	publisher={Princeton University Press}
}

@inproceedings{may70generalapproach,
	title={A general algebraic approach to {S}teenrod operations},
	author={May, J Peter},
	booktitle={The {S}teenrod Algebra and its Applications: a conference to celebrate {NE} {S}teenrod's sixtieth birthday},
	pages={153--231},
	year={1970},
	organization={Springer}
}

@article{mcclure03cochain,
	title={Multivariable cochain operations and little n-cubes},
	author={McClure, James and Smith, Jeffrey},
	journal={Journal of the American Mathematical Society},
	volume={16},
	number={3},
	pages={681--704},
	year={2003}
}

@article{rubio1991homologie,
	title={Homologie effective des espaces de lacets it{\'e}r{\'e}s: un logiciel},
	author={Rubio, J},
	journal={These de doctorat de lâ€™Institut Fourier, Grenoble},
	year={1991}
}

@article {barratt1972priddy,
	AUTHOR = {Barratt, Michael and Priddy, Stewart},
	TITLE = {On the homology of non-connected monoids and their associated
	groups},
	JOURNAL = {Comment. Math. Helv.},
	FJOURNAL = {Commentarii Mathematici Helvetici},
	VOLUME = {47},
	YEAR = {1972},
	PAGES = {1--14},
	ISSN = {0010-2571},
	MRCLASS = {18H10 (57F05)},
	MRNUMBER = {314940},
	MRREVIEWER = {J. C. Becker},
	DOI = {10.1007/BF02566785},
	URL = {https://doi.org/10.1007/BF02566785},
}

@incollection {markl2008operads,
	AUTHOR = {Markl, Martin},
	TITLE = {Operads and {PROP}s},
	BOOKTITLE = {Handbook of algebra. {V}ol. 5},
	SERIES = {Handb. Algebr.},
	VOLUME = {5},
	PAGES = {87--140},
	PUBLISHER = {Elsevier/North-Holland, Amsterdam},
	YEAR = {2008},
	MRCLASS = {18D50},
	MRNUMBER = {2523450},
	DOI = {10.1016/S1570-7954(07)05002-4},
	URL = {https://doi.org/10.1016/S1570-7954(07)05002-4},
}

@inproceedings{berger04combinatorial,
	title={Combinatorial operad actions on cochains},
	author={Berger, Clemens and Fresse, Benoit},
	booktitle={Mathematical Proceedings of the Cambridge Philosophical Society},
	volume={137},
	number={1},
	pages={135--174},
	year={2004},
	organization={Cambridge University Press}
}

@article{brumfiel2016pontrjagin,
	title={The {P}ontrjagin Dual of 3-Dimensional Spin Bordism},
	author={Brumfiel, Greg and Morgan, John},
	journal={arXiv preprint arXiv:1612.02860},
	year={2016}
}

@article{brumfiel2018quadratic,
	title={Quadratic Functions of Cocycles and Pin Structures},
	author={Brumfiel, Greg and Morgan, John},
	journal={arXiv preprint arXiv:1808.10484},
	year={2018}
}

@article{real2000homological,
	title={Homological perturbation theory and associativity},
	author={Real, Pedro},
	journal={Homology, Homotopy and Applications},
	volume={2},
	number={1},
	pages={51--88},
	year={2000},
	publisher={International Press of Boston}
}

@article {nakaoka1961symmetric,
	AUTHOR = {Nakaoka, Minoru},
	TITLE = {Homology of the infinite symmetric group},
	JOURNAL = {Ann. of Math. (2)},
	FJOURNAL = {Annals of Mathematics. Second Series},
	VOLUME = {73},
	YEAR = {1961},
	PAGES = {229--257},
	ISSN = {0003-486X},
	MRCLASS = {55.30},
	MRNUMBER = {131874},
	MRREVIEWER = {A. Dold},
	DOI = {10.2307/1970333},
	URL = {https://doi.org/10.2307/1970333},
}

@book {adem2004milgram,
	AUTHOR = {Adem, Alejandro and Milgram, R. James},
	TITLE = {Cohomology of finite groups},
	SERIES = {Grundlehren der Mathematischen Wissenschaften [Fundamental
	Principles of Mathematical Sciences]},
	VOLUME = {309},
	EDITION = {Second},
	PUBLISHER = {Springer-Verlag, Berlin},
	YEAR = {2004},
	PAGES = {viii+324},
	ISBN = {3-540-20283-8},
	MRCLASS = {20J06 (18G99 55R35 55R40)},
	MRNUMBER = {2035696},
	DOI = {10.1007/978-3-662-06280-7},
	URL = {https://doi.org/10.1007/978-3-662-06280-7},
}
@article {BergerKaufmann,
	AUTHOR = {Berger, Clemens and Kaufmann, Ralph M.},
	TITLE = {Comprehensive factorisation systems},
	JOURNAL = {Tbilisi Math. J.},
	FJOURNAL = {Tbilisi Mathematical Journal},
	VOLUME = {10},
	YEAR = {2017},
	NUMBER = {3},
	PAGES = {255--277},
	ISSN = {1875-158X},
	MRCLASS = {18A25 (12F10 18A32 18D50)},
	MRNUMBER = {3742580},
	MRREVIEWER = {Seyed Naser Hosseini},
	DOI = {10.1515/tmj-2017-0112},
	URL = {https://doi-org.ezproxy.lib.purdue.edu/10.1515/tmj-2017-0112},
}
@article {feynman,
	AUTHOR = {Kaufmann, Ralph M. and Ward, Benjamin C.},
	TITLE = {Feynman categories},
	JOURNAL = {Ast\'{e}risque},
	FJOURNAL = {Ast\'{e}risque},
	NUMBER = {387},
	YEAR = {2017},
	PAGES = {vii+161},
	ISSN = {0303-1179},
	ISBN = {978-2-85626-852-7},
	MRCLASS = {18D50 (16T05 18D10 18D35 18G55 55P48 55U35 81R10)},
	MRNUMBER = {3636409},
	MRREVIEWER = {Beno\^{\i}t Fresse},
}
@incollection {BergerMoerdijk,
	AUTHOR = {Berger, Clemens and Moerdijk, Ieke},
	TITLE = {Resolution of coloured operads and rectification of homotopy
	algebras},
	BOOKTITLE = {Categories in algebra, geometry and mathematical physics},
	SERIES = {Contemp. Math.},
	VOLUME = {431},
	PAGES = {31--58},
	PUBLISHER = {Amer. Math. Soc., Providence, RI},
	YEAR = {2007},
	MRCLASS = {18D50 (18G55 55U35)},
	MRNUMBER = {2342815},
	DOI = {10.1090/conm/431/08265},
	URL = {https://doi-org.ezproxy.lib.purdue.edu/10.1090/conm/431/08265},
}
@article {KWZ,
	AUTHOR = {Kaufmann, Ralph M. and Ward, Benjamin C. and Z\'{u}\~{n}iga, J.
	Javier},
	TITLE = {The odd origin of {G}erstenhaber brackets,
	{B}atalin-{V}ilkovisky operators, and master equations},
	JOURNAL = {J. Math. Phys.},
	FJOURNAL = {Journal of Mathematical Physics},
	VOLUME = {56},
	YEAR = {2015},
	NUMBER = {10},
	PAGES = {103504, 40},
	ISSN = {0022-2488},
	MRCLASS = {81Q30 (17B63 18D50 81Q05 81T70)},
	MRNUMBER = {3412702},
	MRREVIEWER = {Beno\^{\i}t Fresse},
	DOI = {10.1063/1.4932962},
	URL = {https://doi-org.ezproxy.lib.purdue.edu/10.1063/1.4932962},
}
@incollection {Postnikov,
	AUTHOR = {Kaufmann, Ralph M.},
	TITLE = {Dimension vs. genus: a surface realization of the little
	{$k$}-cubes and an {$E_\infty$} operad},
	BOOKTITLE = {Algebraic topology---old and new},
	SERIES = {Banach Center Publ.},
	VOLUME = {85},
	PAGES = {241--274},
	PUBLISHER = {Polish Acad. Sci. Inst. Math., Warsaw},
	YEAR = {2009},
	MRCLASS = {55P48 (18D50)},
	MRNUMBER = {2503531},
	MRREVIEWER = {Julia Bergner},
	DOI = {10.4064/bc85-0-17},
	URL = {https://doi-org.ezproxy.lib.purdue.edu/10.4064/bc85-0-17},
}
@article {del,
	AUTHOR = {Kaufmann, Ralph M.},
	TITLE = {On spineless cacti, {D}eligne's conjecture and
	{C}onnes-{K}reimer's {H}opf algebra},
	JOURNAL = {Topology},
	FJOURNAL = {Topology. An International Journal of Mathematics},
	VOLUME = {46},
	YEAR = {2007},
	NUMBER = {1},
	PAGES = {39--88},
	ISSN = {0040-9383},
	MRCLASS = {55P48 (16E40 16W30 18D50)},
	MRNUMBER = {2288726},
	MRREVIEWER = {David Chataur},
	DOI = {10.1016/j.top.2006.10.002},
	URL = {https://doi-org.ezproxy.lib.purdue.edu/10.1016/j.top.2006.10.002},
}
@article {GerstenhaberVoronov,
	AUTHOR = {Gerstenhaber, Murray and Voronov, Alexander A.},
	TITLE = {Homotopy {$G$}-algebras and moduli space operad},
	JOURNAL = {Internat. Math. Res. Notices},
	FJOURNAL = {International Mathematics Research Notices},
	YEAR = {1995},
	NUMBER = {3},
	PAGES = {141--153},
	ISSN = {1073-7928},
	MRCLASS = {18C99 (18G99 57T30 81T99)},
	MRNUMBER = {1321701},
	MRREVIEWER = {J. Stasheff},
	DOI = {10.1155/S1073792895000110},
	URL = {https://doi-org.ezproxy.lib.purdue.edu/10.1155/S1073792895000110},
}
@book {MSS,
	AUTHOR = {Markl, Martin and Shnider, Steve and Stasheff, Jim},
	TITLE = {Operads in algebra, topology and physics},
	SERIES = {Mathematical Surveys and Monographs},
	VOLUME = {96},
	PUBLISHER = {American Mathematical Society, Providence, RI},
	YEAR = {2002},
	PAGES = {x+349},
	ISBN = {0-8218-2134-2},
	MRCLASS = {18D50 (55P48 55R80)},
	MRNUMBER = {1898414},
	MRREVIEWER = {Alexander A. Voronov},
	DOI = {10.1090/surv/096},
	URL = {https://doi-org.ezproxy.lib.purdue.edu/10.1090/surv/096},
}

@book {Loday,
	AUTHOR = {Loday, Jean-Louis},
	TITLE = {Cyclic homology},
	SERIES = {Grundlehren der Mathematischen Wissenschaften [Fundamental
	Principles of Mathematical Sciences]},
	VOLUME = {301},
	NOTE = {Appendix E by Mar\'{\i}a O. Ronco},
	PUBLISHER = {Springer-Verlag, Berlin},
	YEAR = {1992},
	PAGES = {xviii+454},
	ISBN = {3-540-53339-7},
	MRCLASS = {19D55 (17B56 18E25 55N91)},
	MRNUMBER = {1217970},
	MRREVIEWER = {Jerry Lodder},
	DOI = {10.1007/978-3-662-21739-9},
	URL = {https://doi-org.ezproxy.lib.purdue.edu/10.1007/978-3-662-21739-9},
}
@incollection {GSA,
	AUTHOR = {Kaufmann, Ralph M.},
	TITLE = {Graphs, strings, and actions},
	BOOKTITLE = {Algebra, arithmetic, and geometry: in honor of {Y}u. {I}.
	{M}anin. {V}ol. {II}},
	SERIES = {Progr. Math.},
	VOLUME = {270},
	PAGES = {127--178},
	PUBLISHER = {Birkh\"{a}user Boston, Boston, MA},
	YEAR = {2009},
	MRCLASS = {18D50 (55P48 55S12)},
	MRNUMBER = {2641189},
	MRREVIEWER = {David Chataur},
	DOI = {10.1007/978-0-8176-4747-6_5},
	URL = {https://doi-org.ezproxy.lib.purdue.edu/10.1007/978-0-8176-4747-6_5},
}
@article {KZhang,
	AUTHOR = {Kaufmann, Ralph M. and Zhang, Yongheng},
	TITLE = {Permutohedral structures on {$E_2$}-operads},
	JOURNAL = {Forum Math.},
	FJOURNAL = {Forum Mathematicum},
	VOLUME = {29},
	YEAR = {2017},
	NUMBER = {6},
	PAGES = {1371--1411},
	ISSN = {0933-7741},
	MRCLASS = {55P48 (52B12 55P35 55R80)},
	MRNUMBER = {3719307},
	MRREVIEWER = {Beno\^{\i}t Fresse},
	DOI = {10.1515/forum-2016-0052},
	URL = {https://doi-org.ezproxy.lib.purdue.edu/10.1515/forum-2016-0052},
}
@article {Tourtchine,
	AUTHOR = {Tourtchine, Victor},
	TITLE = {Dyer-{L}ashof-{C}ohen operations in {H}ochschild cohomology},
	JOURNAL = {Algebr. Geom. Topol.},
	FJOURNAL = {Algebraic \& Geometric Topology},
	VOLUME = {6},
	YEAR = {2006},
	PAGES = {875--894},
	ISSN = {1472-2747},
	MRCLASS = {55S12 (16E40 18D50 55P48)},
	MRNUMBER = {2240919},
	MRREVIEWER = {Vigleik Angeltveit},
	DOI = {10.2140/agt.2006.6.875},
	URL = {https://doi-org.ezproxy.lib.purdue.edu/10.2140/agt.2006.6.875},
}

@article {cyclic,
	AUTHOR = {Kaufmann, Ralph M.},
	TITLE = {A proof of a cyclic version of {D}eligne's conjecture via
	cacti},
	JOURNAL = {Math. Res. Lett.},
	FJOURNAL = {Mathematical Research Letters},
	VOLUME = {15},
	YEAR = {2008},
	NUMBER = {5},
	PAGES = {901--921},
	ISSN = {1073-2780},
	MRCLASS = {18D50},
	MRNUMBER = {2443991},
	MRREVIEWER = {David Chataur},
	DOI = {10.4310/MRL.2008.v15.n5.a7},
	URL = {https://doi-org.ezproxy.lib.purdue.edu/10.4310/MRL.2008.v15.n5.a7},
}

@article{steiner2004omega,
	title={Omega-categories and chain complexes},
	author={Steiner, Richard},
	journal={Homology, Homotopy and Applications},
	volume={6},
	number={1},
	pages={175--200},
	year={2004},
	publisher={International Press of Boston}
}

@article {KLP,
	AUTHOR = {Kaufmann, Ralph M. and Livernet, Muriel and Penner, R. C.},
	TITLE = {Arc operads and arc algebras},
	JOURNAL = {Geom. Topol.},
	FJOURNAL = {Geometry and Topology},
	VOLUME = {7},
	YEAR = {2003},
	PAGES = {511--568},
	ISSN = {1465-3060},
	MRCLASS = {18D50 (17B99 32G15)},
	MRNUMBER = {2026541},
	MRREVIEWER = {Hossein Abbaspour},
	DOI = {10.2140/gt.2003.7.511},
	URL = {https://doi-org.ezproxy.lib.purdue.edu/10.2140/gt.2003.7.511},
}
@book {boardman1973homotopy,
	AUTHOR = {Boardman, J. M. and Vogt, R. M.},
	TITLE = {Homotopy invariant algebraic structures on topological spaces},
	SERIES = {Lecture Notes in Mathematics, Vol. 347},
	PUBLISHER = {Springer-Verlag, Berlin-New York},
	YEAR = {1973},
	PAGES = {x+257},
	MRCLASS = {55D35},
	MRNUMBER = {0420609},
	MRREVIEWER = {J. Stasheff},
}

@incollection {feyrep,
	AUTHOR = {Kaufmann, Ralph M.},
	TITLE = {{F}eynman {C}ategories and {R}epresentation {T}heory},
	SERIES = {Contemp. Math.},
	PUBLISHER = {Amer. Math. Soc., Providence, RI},
	NOTE = {to appear. ArXiv 1911.10169},
}

@article {adem1952iteration,
	AUTHOR = {Adem, Jos\'{e}},
	TITLE = {The iteration of the {S}teenrod squares in algebraic topology},
	JOURNAL = {Proc. Nat. Acad. Sci. U.S.A.},
	FJOURNAL = {Proceedings of the National Academy of Sciences of the United
	States of America},
	VOLUME = {38},
	YEAR = {1952},
	PAGES = {720--726},
	ISSN = {0027-8424},
	MRCLASS = {56.0X},
	MRNUMBER = {50278},
	MRREVIEWER = {W. S. Massey},
	DOI = {10.1073/pnas.38.8.720},
	URL = {https://doi.org/10.1073/pnas.38.8.720},
}

@incollection {sinha2013littledisks,
	AUTHOR = {Sinha, Dev P.},
	TITLE = {The (non-equivariant) homology of the little disks operad},
	BOOKTITLE = {O{PERADS} 2009},
	SERIES = {S\'{e}min. Congr.},
	VOLUME = {26},
	PAGES = {253--279},
	PUBLISHER = {Soc. Math. France, Paris},
	YEAR = {2013},
	MRCLASS = {18D50 (55P48 55R80)},
	MRNUMBER = {3203375},
	MRREVIEWER = {Benjamin C. Ward},
}

@article {ayala2014configuration,
	AUTHOR = {Ayala, David and Hepworth, Richard},
	TITLE = {Configuration spaces and {$\Theta_n$}},
	JOURNAL = {Proc. Amer. Math. Soc.},
	FJOURNAL = {Proceedings of the American Mathematical Society},
	VOLUME = {142},
	YEAR = {2014},
	NUMBER = {7},
	PAGES = {2243--2254},
	ISSN = {0002-9939},
	MRCLASS = {18D05 (55R80)},
	MRNUMBER = {3195750},
	MRREVIEWER = {Jeffrey Giansiracusa},
	DOI = {10.1090/S0002-9939-2014-11946-0},
	URL = {https://doi.org/10.1090/S0002-9939-2014-11946-0},
}

@inproceedings {BergerRecog,
	AUTHOR = {Berger, Clemens},
	TITLE = {Combinatorial models for real configuration spaces and
	{$E_n$}-operads},
	BOOKTITLE = {Operads: {P}roceedings of {R}enaissance {C}onferences
	({H}artford, {CT}/{L}uminy, 1995)},
	SERIES = {Contemp. Math.},
	VOLUME = {202},
	PAGES = {37--52},
	PUBLISHER = {Amer. Math. Soc., Providence, RI},
	YEAR = {1997},
	MRCLASS = {18D35 (06A07 18B35 20B30 55P35 55U10)},
	MRNUMBER = {1436916},
	MRREVIEWER = {Peter J. Eccles},
	DOI = {10.1090/conm/202/02582},
	URL = {https://doi-org.ezproxy.lib.purdue.edu/10.1090/conm/202/02582},
}

@article {BalFiedSchwVogt,
	AUTHOR = {Balteanu, C. and Fiedorowicz, Z. and Schw\"{a}nzl, R. and Vogt,
	R.},
	TITLE = {Iterated monoidal categories},
	JOURNAL = {Adv. Math.},
	FJOURNAL = {Advances in Mathematics},
	VOLUME = {176},
	YEAR = {2003},
	NUMBER = {2},
	PAGES = {277--349},
	ISSN = {0001-8708},
	MRCLASS = {18D10 (55P35)},
	MRNUMBER = {1982884},
	MRREVIEWER = {Pilar C. Carrasco},
	DOI = {10.1016/S0001-8708(03)00065-3},
	URL = {https://doi-org.ezproxy.lib.purdue.edu/10.1016/S0001-8708(03)00065-3},
}

@article{Bathigher,
	Author = {Batanin, M. A.},
	Date-Added = {2019-11-18 19:22:49 -0500},
	Date-Modified = {2019-11-18 19:22:49 -0500},
	Doi = {10.1006/aima.1998.1724},
	Fjournal = {Advances in Mathematics},
	Issn = {0001-8708},
	Journal = {Adv. Math.},
	Mrclass = {18D05 (55P15)},
	Mrnumber = {1623672},
	Mrreviewer = {R. H. Street},
	Number = {1},
	Pages = {39--103},
	Title = {Monoidal globular categories as a natural environment for the theory of weak {$n$}-categories},
	Url = {https://doi-org.ezproxy.lib.purdue.edu/10.1006/aima.1998.1724},
	Volume = {136},
	Year = {1998},
	Bdsk-Url-1 = {https://doi-org.ezproxy.lib.purdue.edu/10.1006/aima.1998.1724},
	Bdsk-Url-2 = {https://doi.org/10.1006/aima.1998.1724}}
@article {DolgushevWillwacher,
	AUTHOR = {Dolgushev, Vasily and Willwacher, Thomas},
	TITLE = {A direct computation of the cohomology of the braces operad},
	JOURNAL = {Forum Math.},
	FJOURNAL = {Forum Mathematicum},
	VOLUME = {29},
	YEAR = {2017},
	NUMBER = {2},
	PAGES = {465--488},
	ISSN = {0933-7741},
	MRCLASS = {18D50 (18G55 55P10)},
	MRNUMBER = {3619123},
	MRREVIEWER = {Philip John Hackney},
	DOI = {10.1515/forum-2016-0123},
	URL = {https://doi-org.ezproxy.lib.purdue.edu/10.1515/forum-2016-0123},
}
@article {Rezkhigher,
	AUTHOR = {Rezk, Charles},
	TITLE = {A {C}artesian presentation of weak {$n$}-categories},
	JOURNAL = {Geom. Topol.},
	FJOURNAL = {Geometry \& Topology},
	VOLUME = {14},
	YEAR = {2010},
	NUMBER = {1},
	PAGES = {521--571},
	ISSN = {1465-3060},
	MRCLASS = {18D05 (55U40)},
	MRNUMBER = {2578310},
	DOI = {10.2140/gt.2010.14.521},
	URL = {https://doi-org.ezproxy.lib.purdue.edu/10.2140/gt.2010.14.521},
}

@article{Zwiebach,
	Author = {Zwiebach, Barton},
	Date-Added = {2019-11-02 14:29:11 -0400},
	Date-Modified = {2019-11-02 14:29:11 -0400},
	Doi = {10.1016/0550-3213(93)90388-6},
	Fjournal = {Nuclear Physics. B. Theoretical, Phenomenological, and Experimental High Energy Physics. Quantum Field Theory and Statistical Systems},
	Issn = {0550-3213},
	Journal = {Nuclear Phys. B},
	Mrclass = {81T70 (17B81 32G81 81T30)},
	Mrnumber = {1203476},
	Mrreviewer = {J. Stasheff},
	Number = {1},
	Pages = {33--152},
	Title = {Closed string field theory: quantum action and the {B}atalin-{V}ilkovisky master equation},
	Url = {https://doi-org.ezproxy.lib.purdue.edu/10.1016/0550-3213(93)90388-6},
	Volume = {390},
	Year = {1993},
}

@incollection{Sullivanoverview,
	Author = {Sullivan, Dennis},
	Booktitle = {Current developments in mathematics, 2005},
	Date-Added = {2019-11-02 14:29:11 -0400},
	Date-Modified = {2019-11-02 14:29:11 -0400},
	Mrclass = {55P50 (53D40 81T70)},
	Mrnumber = {2459297},
	Mrreviewer = {Hans U. Boden},
	Pages = {41--88},
	Publisher = {Int. Press, Somerville, MA},
	Title = {String topology background and present state},
	Year = {2007}}

@article{HVZ,
	Author = {Harrelson, Eric and Voronov, Alexander A. and Z{\'u}{\~n}iga, J. Javier},
	Coden = {LMPHDY},
	Doi = {10.1007/s11005-010-0418-0},
	Fjournal = {Letters in Mathematical Physics. A Journal for the Rapid Dissemination of Short Contributions in the Field of Mathematical Physics},
	Issn = {0377-9017},
	Journal = {Lett. Math. Phys.},
	Mrclass = {32G81 (18D50 32G15 57R56 81T45)},
	Mrnumber = {2720252 (2011h:32014)},
	Mrreviewer = {Andrey Yu. Lazarev},
	Number = {1},
	Pages = {1--26},
	Title = {Open-closed moduli spaces and related algebraic structures},
	Url = {http://dx.doi.org/10.1007/s11005-010-0418-0},
	Volume = {94},
	Year = {2010},
	Bdsk-Url-1 = {http://dx.doi.org/10.1007/s11005-010-0418-0}}

@article{hoch2,
	Author = {Kaufmann, Ralph M.},
	Doi = {10.4171/JNCG/22},
	Fjournal = {Journal of Noncommutative Geometry},
	Issn = {1661-6952},
	Journal = {J. Noncommut. Geom.},
	Mrclass = {55P48 (16E40 18D50 32G15)},
	Mrnumber = {2411420 (2009e:55015)},
	Mrreviewer = {Hossein Abbaspour},
	Number = {3},
	Pages = {283--332},
	Title = {Moduli space actions on the {H}ochschild co-chains of a {F}robenius algebra. {II}. {C}orrelators},
	Url = {http://dx.doi.org/10.4171/JNCG/22},
	Volume = {2},
	Year = {2008},
	Bdsk-Url-1 = {http://dx.doi.org/10.4171/JNCG/22}}

@article {TZ,
	AUTHOR = {Tradler, Thomas and Zeinalian, Mahmoud},
	TITLE = {Algebraic string operations},
	JOURNAL = {$K$-Theory},
	FJOURNAL = {$K$-Theory. An Interdisciplinary Journal for the Development,
	Application, and Influence of $K$-Theory in the Mathematical
	Sciences},
	VOLUME = {38},
	YEAR = {2007},
	NUMBER = {1},
	PAGES = {59--82},
	ISSN = {0920-3036},
	MRCLASS = {57R99 (16E40 57M25)},
	MRNUMBER = {2353864},
	DOI = {10.1007/s10977-007-9005-2},
	URL = {https://doi-org.ezproxy.lib.purdue.edu/10.1007/s10977-007-9005-2},
}

@article {BV,
	AUTHOR = {Batalin, I. A. and Vilkovisky, G. A.},
	TITLE = {Gauge algebra and quantization},
	JOURNAL = {Phys. Lett. B},
	FJOURNAL = {Physics Letters. B. Particle Physics, Nuclear Physics and
	Cosmology},
	VOLUME = {102},
	YEAR = {1981},
	NUMBER = {1},
	PAGES = {27--31},
	ISSN = {0370-2693},
	MRCLASS = {81E99 (58F06 81G20)},
	MRNUMBER = {616572},
	DOI = {10.1016/0370-2693(81)90205-7},
	URL = {https://doi-org.ezproxy.lib.purdue.edu/10.1016/0370-2693(81)90205-7},
}

@article {Witten,
	AUTHOR = {Witten, Edward},
	TITLE = {Topological quantum field theory},
	JOURNAL = {Comm. Math. Phys.},
	FJOURNAL = {Communications in Mathematical Physics},
	VOLUME = {117},
	YEAR = {1988},
	NUMBER = {3},
	PAGES = {353--386},
	ISSN = {0010-3616},
	MRCLASS = {57R55 (58A10 58F30 58G30 81E99)},
	MRNUMBER = {953828},
	MRREVIEWER = {Daniel S. Freed},
	URL = {http://projecteuclid.org.ezproxy.lib.purdue.edu/euclid.cmp/1104161738},
}
@incollection {LianZuckerman,
	AUTHOR = {Lian, Bong H. and Zuckerman, Gregg J.},
	TITLE = {Algebraic and geometric structures in string backgrounds},
	BOOKTITLE = {Strings '95 ({L}os {A}ngeles, {CA}, 1995)},
	PAGES = {323--335},
	PUBLISHER = {World Sci. Publ., River Edge, NJ},
	YEAR = {1996},
	MRCLASS = {81T70 (17B56 81R10 81T30)},
	MRNUMBER = {1660720},
}


@article{BRS,
	Abstract = {Results concerning the renormalization of the abelian Higgs Kibble model inthe 't Hooft gauges are presented. A direct combinatorial proof of the unitarity of the physical S-operator is described.},
	Author = {C. Becchi and A. Rouet and R. Stora},
	Doi = {https://doi.org/10.1016/0370-2693(74)90058-6},
	Issn = {0370-2693},
	Journal = {Physics Letters B},
	Number = {3},
	Pages = {344 - 346},
	Title = {The abelian Higgs Kibble model, unitarity of the S-operator},
	Url = {http://www.sciencedirect.com/science/article/pii/0370269374900586},
	Volume = {52},
	Year = {1974},
	Bdsk-Url-1 = {http://www.sciencedirect.com/science/article/pii/0370269374900586},
	Bdsk-Url-2 = {https://doi.org/10.1016/0370-2693(74)90058-6}}

@techreport{Tyutin,
	Author = {Tyutin, I. C. },
	Date-Added = {2020-09-24 11:04:27 -0400},
	Date-Modified = {2020-09-24 11:05:46 -0400},
	Institution = {Lebedev preprint FIAN No. 39},
	Title = {auge Invariance in Field Theory and Statistical Physics in Operator Formalism},
	Year = {1975}}

@article{KugoOjima,
	Author = {Kugo, Taichiro and Ojima, Izumi},
	Doi = {10.1143/PTPS.66.1},
	Issn = {0375-9687},
	Journal = {Progress of Theoretical Physics Supplement},
	Month = {02},
	Pages = {1-130},
	Title = {{Local Covariant Operator Formalism of Non-Abelian Gauge Theories and Quark Confinement Problem}},
	Volume = {66},
	Year = {1979}}

@article {AKSZ,
	AUTHOR = {Alexandrov, M. and Schwarz, A. and Zaboronsky, O. and
	Kontsevich, M.},
	TITLE = {The geometry of the master equation and topological quantum
	field theory},
	JOURNAL = {Internat. J. Modern Phys. A},
	FJOURNAL = {International Journal of Modern Physics A. Particles and
	Fields. Gravitation. Cosmology},
	VOLUME = {12},
	YEAR = {1997},
	NUMBER = {7},
	PAGES = {1405--1429},
	ISSN = {0217-751X},
	MRCLASS = {81T70 (58D29 58F05)},
	MRNUMBER = {1432574},
	MRREVIEWER = {Luigi Martina},
	DOI = {10.1142/S0217751X97001031},
	URL = {https://doi-org.ezproxy.lib.purdue.edu/10.1142/S0217751X97001031},
}
@incollection {KreimerCubical,
	AUTHOR = {Kreimer, Dirk},
	TITLE = {Multi-valued {F}eynman graphs and scattering theory},
	BOOKTITLE = {Elliptic integrals, elliptic functions and modular forms in
	quantum field theory},
	SERIES = {Texts Monogr. Symbol. Comput.},
	PAGES = {295--325},
	PUBLISHER = {Springer, Cham},
	YEAR = {2019},
	MRCLASS = {81S40 (81U10)},
	MRNUMBER = {3889562},
}

@article{HopfPart1,
	Author = {G\'alvez--Carrillo, Imma and Kaufmann, Ralph M. and Tonks, Andrew},
	Date-Modified = {2019-11-27 11:58:17 -0500},
	Journal = {Communications in Number Theory and Physics},
	Title = {Three Hopf algebras from number theory, physics \& topology, and their common background I: operadic \& simplicial aspects},
	Year = {2020}}

@ARTICLE{medina2021cobar,
	author = {{Medina-Mardones}, Anibal M. and {Rivera}, Manuel},
	title = "{The cobar construction as an $E_{\infty}$-bialgebra model of the based loop space}",
	journal = {arXiv e-prints},
	year = 2021,
	archivePrefix = {arXiv},
	eprint = {2108.02790},
}

@article{medina2021flowing,
	title={Flowing from intersection product to cup product},
	author={Friedman, Greg and Medina-Mardones, Anibal M. and Sinha, Dev},
	journal={arXiv preprint arXiv:2106.05986},
	year={2021}
}

@article{medina2021cubical,
	title={A combinatorial ${E}_\infty$ algebra structure on cubical cochains},
	author={Medina-Mardones, Anibal M.},
	note={arXiv preprint arXiv:2107.00669},
	year={2021}
}

@article{medina2021newformulas,
	title={New formulas for cup-$i$ products and fast computation of {S}teenrod squares},
	author={Medina-Mardones, Anibal M.},
	journal={arXiv preprint arXiv:2105.08025},
	year={2021}
}

@article{medina2021computer,
	title={A computer algebra system for the study of commutativity up to coherent homotopies},
	author={Medina-Mardones, Anibal M.},
	journal={arXiv preprint arXiv:2102.07670},
	ear={2021}
}

@article{medina2021hyperharmonic,
	title={Hyperharmonic analysis for the study of high-order information-theoretic signals},
	author={Medina-Mardones, Anibal M. and Rosas, Fernando and Rodr{\'\i}guez, Sebasti{\'a}n E and Cofr{\'e}, Rodrigo},
	journal={Journal of Physics: Complexity},
	year={2021},
	publisher={IOP Publishing}
}

@article{medina2020maysteenrod,
	title={Cochain level {M}ay-{S}teenrod operations},
	author={Kaufmann, Ralph M and Medina-Mardones, Anibal M.},
	journal={arXiv preprint arXiv:2010.02571},
	year={2020}
}

@ARTICLE{medina2021adem,
	author={Brumfiel, Greg and {Medina-Mardones}, Anibal and Morgan, John},
	title={A cochain level proof of Adem relations in the mod 2 Steenrod algebra},
	JOURNAL = {J. Homotopy Relat. Struct.},
	FJOURNAL = {Journal of Homotopy and Related Structures},
	year={2021},
	day={19},
	issn={1512-2891},
	doi={10.1007/s40062-021-00287-3},
	url={https://doi.org/10.1007/s40062-021-00287-3}
}

@article{medina2021giotto,
	title={giotto-tda: A topological data analysis toolkit for machine learning and data exploration},
	author={Tauzin, Guillaume and Lupo, Umberto and Tunstall, Lewis and P{\'e}rez, Julian Burella and Caorsi, Matteo and Medina-Mardones, Anibal M. and Dassatti, Alberto and Hess, Kathryn},
	journal={Journal of Machine Learning Research},
	volume={22},
	number={39},
	pages={1--6},
	year={2021}
}

@article{medina2018prop2,
	title={A finitely presented ${E}_{\infty}$-Prop {II}: cellular Context},
	author={Medina-Mardones, Anibal M.},
	journal={arXiv preprint arXiv:1808.07132},
	year={2018}
}

@article{medina2018axiomatic,
	title={An axiomatic characterization of {S}teenrod's cup-$i$ products},
	author={Medina-Mardones, Anibal M.},
	journal={arXiv preprint arXiv:1810.06505},
	year={2018}
}

@article{medina2018persistence,
	title={Persistence {S}teenrod modules},
	author={Medina-Mardones, Anibal M.},
	journal={arXiv preprint arXiv:1812.05031},
	year={2018}
}

@article {medina2020prop1,
	AUTHOR = {Medina-Mardones, Anibal M.},
	TITLE = {A finitely presented {$E_\infty$}-prop {I}: algebraic context},
	JOURNAL = {High. Struct.},
	FJOURNAL = {Higher Structures},
	VOLUME = {4},
	YEAR = {2020},
	NUMBER = {2},
	PAGES = {1--21},
	MRCLASS = {55P48 (18M85 18N50)},
	MRNUMBER = {4133162},
}

@article {medina2020globular,
	AUTHOR = {Medina-Mardones, Anibal M.},
	TITLE = {An algebraic representation of globular sets},
	JOURNAL = {Homology Homotopy Appl.},
	FJOURNAL = {Homology, Homotopy and Applications},
	VOLUME = {22},
	YEAR = {2020},
	NUMBER = {2},
	PAGES = {135--150},
	ISSN = {1532-0073},
	MRCLASS = {18N99 (18F99 55S05)},
	MRNUMBER = {4093174},
	DOI = {10.4310/hha.2020.v22.n2.a8},
	URL = {https://doi.org/10.4310/hha.2020.v22.n2.a8},
}

@article {medina2020cartan,
	AUTHOR = {Medina-Mardones, Anibal M.},
	TITLE = {An effective proof of the {C}artan formula: the even prime},
	JOURNAL = {J. Pure Appl. Algebra},
	FJOURNAL = {Journal of Pure and Applied Algebra},
	VOLUME = {224},
	YEAR = {2020},
	NUMBER = {12},
	PAGES = {106444, 18},
	ISSN = {0022-4049},
	MRCLASS = {55S10 (55S05 55S12)},
	MRNUMBER = {4102178},
	DOI = {10.1016/j.jpaa.2020.106444},
	URL = {https://doi.org/10.1016/j.jpaa.2020.106444},
}

@ARTICLE{medina2021computer,
	author = {{Medina-Mardones}, Anibal M.},
	title = "{A computer algebra system for the study of commutativity up to coherent homotopies}",
	journal = {arXiv e-prints},
	year = 2021,
	archivePrefix = {arXiv},
	eprint = {2102.07670},
	note = {To appear in Tbilisi Math. J.}
}

@article{medina2020adem,
	title={A Cochain Level Proof of {A}dem Relations in the Mod 2 {S}teenrod Algebra},
	author={Brumfiel, Greg and Medina-Mardones, Anibal M. and Morgan, John},
	journal={arXiv preprint arXiv:2006.09354},
	year={2020}
}

@misc{medina2020giottotda,
	title={giotto-tda: A Topological Data Analysis Toolkit for Machine Learning and Data Exploration},
	author={Guillaume Tauzin and Umberto Lupo and Lewis Tunstall and Julian Burella PÃ©rez and Matteo Caorsi and Anibal M. Medina-Mardones and Alberto Dassatti and Kathryn Hess},
	year={2020},
	eprint={2004.02551},
	archivePrefix={arXiv},
	primaryClass={cs.LG}
}

@article{medina2018prop2,
	title={A finitely presented ${E}_{\infty}$-Prop {II}: cellular Context},
	author={Medina-Mardones, Anibal M.},
	journal={arXiv preprint arXiv:1808.07132},
	year={2018}
}

@article{medina2018axiomatic,
	title={An axiomatic characterization of {S}teenrod's cup-$i$ products},
	author={Medina-Mardones, Anibal M.},
	journal={arXiv preprint arXiv:1810.06505},
	year={2018}
}

@article{medina2018persistence,
	title={Persistence {S}teenrod modules},
	author={Medina-Mardones, Anibal M.},
	journal={arXiv preprint arXiv:1812.05031},
	year={2018}
}

@article {medina2020prop1,
	AUTHOR = {Medina-Mardones, Anibal M.},
	TITLE = {A finitely presented {$E_\infty$}-prop {I}: algebraic context},
	JOURNAL = {High. Struct.},
	FJOURNAL = {Higher Structures},
	VOLUME = {4},
	YEAR = {2020},
	NUMBER = {2},
	PAGES = {1--21},
	MRCLASS = {55P48 (18M85 18N50)},
	MRNUMBER = {4133162},
}

@article {medina2020globular,
	AUTHOR = {Medina-Mardones, Anibal M.},
	TITLE = {An algebraic representation of globular sets},
	JOURNAL = {Homology Homotopy Appl.},
	FJOURNAL = {Homology, Homotopy and Applications},
	VOLUME = {22},
	YEAR = {2020},
	NUMBER = {2},
	PAGES = {135--150},
	ISSN = {1532-0073},
	MRCLASS = {18N99 (18F99 55S05)},
	MRNUMBER = {4093174},
	DOI = {10.4310/hha.2020.v22.n2.a8},
	URL = {https://doi.org/10.4310/hha.2020.v22.n2.a8},
}

@article {medina2020cartan,
	AUTHOR = {Medina-Mardones, Anibal M.},
	TITLE = {An effective proof of the {C}artan formula: the even prime},
	JOURNAL = {J. Pure Appl. Algebra},
	FJOURNAL = {Journal of Pure and Applied Algebra},
	VOLUME = {224},
	YEAR = {2020},
	NUMBER = {12},
	PAGES = {106444, 18},
	ISSN = {0022-4049},
	MRCLASS = {55S10 (55S05 55S12)},
	MRNUMBER = {4102178},
	DOI = {10.1016/j.jpaa.2020.106444},
	URL = {https://doi.org/10.1016/j.jpaa.2020.106444},
}