
@book{adams1995stable,
	AUTHOR = {Adams, J. F.},
	TITLE = {Stable homotopy and generalised homology},
	SERIES = {Chicago Lectures in Mathematics},
	NOTE = {Reprint of the 1974 original},
	PUBLISHER = {University of Chicago Press, Chicago, IL},
	YEAR = {1995},
	PAGES = {x+373},
	ISBN = {0-226-00524-0},
	MRCLASS = {55-02 (57-02)},
	MRNUMBER = {1324104},
}

@book{benson1998rep,
	AUTHOR = {Benson, D. J.},
	TITLE = {Representations and cohomology. {II}},
	SERIES = {Cambridge Studies in Advanced Mathematics},
	VOLUME = {31},
	EDITION = {Second},
	NOTE = {Cohomology of groups and modules},
	PUBLISHER = {Cambridge University Press, Cambridge},
	YEAR = {1998},
	PAGES = {xii+279},
	ISBN = {0-521-63652-3},
	MRCLASS = {20-02 (19-02 20Cxx 20Jxx 55-02)},
	MRNUMBER = {1634407},
}

@book{jacobson1989algebra,
	AUTHOR = {Jacobson, Nathan},
	TITLE = {Basic algebra. {II}},
	EDITION = {Second},
	PUBLISHER = {W. H. Freeman and Company, New York},
	YEAR = {1989},
	PAGES = {xviii+686},
	ISBN = {0-7167-1933-9},
	MRCLASS = {00A05 (12-01 15-01 16-01)},
	MRNUMBER = {1009787},
	MRREVIEWER = {P. M. Cohn},
}

@article{BergerKaufmann,
	AUTHOR = {Berger, Clemens and Kaufmann, Ralph M.},
	TITLE = {Comprehensive factorisation systems},
	JOURNAL = {Tbilisi Math. J.},
	FJOURNAL = {Tbilisi Mathematical Journal},
	VOLUME = {10},
	YEAR = {2017},
	NUMBER = {3},
	PAGES = {255--277},
	ISSN = {1875-158X},
	MRCLASS = {18A25 (12F10 18A32 18D50)},
	MRNUMBER = {3742580},
	MRREVIEWER = {Seyed Naser Hosseini},
	DOI = {10.1515/tmj-2017-0112},
	URL = {https://doi-org.ezproxy.lib.purdue.edu/10.1515/tmj-2017-0112},
}

@article{feynman,
	AUTHOR = {Kaufmann, Ralph M. and Ward, Benjamin C.},
	TITLE = {Feynman categories},
	JOURNAL = {Ast\'{e}risque},
	FJOURNAL = {Ast\'{e}risque},
	NUMBER = {387},
	YEAR = {2017},
	PAGES = {vii+161},
	ISSN = {0303-1179},
	ISBN = {978-2-85626-852-7},
	MRCLASS = {18D50 (16T05 18D10 18D35 18G55 55P48 55U35 81R10)},
	MRNUMBER = {3636409},
	MRREVIEWER = {Beno\^{\i}t Fresse},
}

@article{GerstenhaberVoronov,
	AUTHOR = {Gerstenhaber, Murray and Voronov, Alexander A.},
	TITLE = {Homotopy {$G$}-algebras and moduli space operad},
	JOURNAL = {Internat. Math. Res. Notices},
	FJOURNAL = {International Mathematics Research Notices},
	YEAR = {1995},
	NUMBER = {3},
	PAGES = {141--153},
	ISSN = {1073-7928},
	MRCLASS = {18C99 (18G99 57T30 81T99)},
	MRNUMBER = {1321701},
	MRREVIEWER = {J. Stasheff},
	DOI = {10.1155/S1073792895000110},
	URL = {https://doi-org.ezproxy.lib.purdue.edu/10.1155/S1073792895000110},
}

@article{KZhang,
	AUTHOR = {Kaufmann, Ralph M. and Zhang, Yongheng},
	TITLE = {Permutohedral structures on {$E_2$}-operads},
	JOURNAL = {Forum Math.},
	FJOURNAL = {Forum Mathematicum},
	VOLUME = {29},
	YEAR = {2017},
	NUMBER = {6},
	PAGES = {1371--1411},
	ISSN = {0933-7741},
	MRCLASS = {55P48 (52B12 55P35 55R80)},
	MRNUMBER = {3719307},
	MRREVIEWER = {Beno\^{\i}t Fresse},
	DOI = {10.1515/forum-2016-0052},
	URL = {https://doi-org.ezproxy.lib.purdue.edu/10.1515/forum-2016-0052},
}

@article{cyclic,
	AUTHOR = {Kaufmann, Ralph M.},
	TITLE = {A proof of a cyclic version of {D}eligne's conjecture via
	cacti},
	JOURNAL = {Math. Res. Lett.},
	FJOURNAL = {Mathematical Research Letters},
	VOLUME = {15},
	YEAR = {2008},
	NUMBER = {5},
	PAGES = {901--921},
	ISSN = {1073-2780},
	MRCLASS = {18D50},
	MRNUMBER = {2443991},
	MRREVIEWER = {David Chataur},
	DOI = {10.4310/MRL.2008.v15.n5.a7},
	URL = {https://doi-org.ezproxy.lib.purdue.edu/10.4310/MRL.2008.v15.n5.a7},
}

@article{KLP,
	AUTHOR = {Kaufmann, Ralph M. and Livernet, Muriel and Penner, R. C.},
	TITLE = {Arc operads and arc algebras},
	JOURNAL = {Geom. Topol.},
	FJOURNAL = {Geometry and Topology},
	VOLUME = {7},
	YEAR = {2003},
	PAGES = {511--568},
	ISSN = {1465-3060},
	MRCLASS = {18D50 (17B99 32G15)},
	MRNUMBER = {2026541},
	MRREVIEWER = {Hossein Abbaspour},
	DOI = {10.2140/gt.2003.7.511},
	URL = {https://doi-org.ezproxy.lib.purdue.edu/10.2140/gt.2003.7.511},
}

@incollection {Postnikov,
	AUTHOR = {Kaufmann, Ralph M.},
	TITLE = {Dimension vs. genus: a surface realization of the little
	{$k$}-cubes and an {$E_\infty$} operad},
	BOOKTITLE = {Algebraic topology---old and new},
	SERIES = {Banach Center Publ.},
	VOLUME = {85},
	PAGES = {241--274},
	PUBLISHER = {Polish Acad. Sci. Inst. Math., Warsaw},
	YEAR = {2009},
	MRCLASS = {55P48 (18D50)},
	MRNUMBER = {2503531},
	MRREVIEWER = {Julia Bergner},
	DOI = {10.4064/bc85-0-17},
	URL = {https://doi-org.ezproxy.lib.purdue.edu/10.4064/bc85-0-17},
}

@incollection{feyrep,
	AUTHOR = {Kaufmann, Ralph M.},
	TITLE = {{F}eynman {C}ategories and {R}epresentation {T}heory},
	SERIES = {Contemp. Math.},
	PUBLISHER = {Amer. Math. Soc., Providence, RI},
	NOTE = {to appear. ArXiv 1911.10169},
}

@incollection{sinha2013littledisks,
	AUTHOR = {Sinha, Dev P.},
	TITLE = {The (non-equivariant) homology of the little disks operad},
	BOOKTITLE = {O{PERADS} 2009},
	SERIES = {S\'{e}min. Congr.},
	VOLUME = {26},
	PAGES = {253--279},
	PUBLISHER = {Soc. Math. France, Paris},
	YEAR = {2013},
	MRCLASS = {18D50 (55P48 55R80)},
	MRNUMBER = {3203375},
	MRREVIEWER = {Benjamin C. Ward},
}

@inproceedings{BergerRecog,
	AUTHOR = {Berger, Clemens},
	TITLE = {Combinatorial models for real configuration spaces and
	{$E_n$}-operads},
	BOOKTITLE = {Operads: {P}roceedings of {R}enaissance {C}onferences
	({H}artford, {CT}/{L}uminy, 1995)},
	SERIES = {Contemp. Math.},
	VOLUME = {202},
	PAGES = {37--52},
	PUBLISHER = {Amer. Math. Soc., Providence, RI},
	YEAR = {1997},
	MRCLASS = {18D35 (06A07 18B35 20B30 55P35 55U10)},
	MRNUMBER = {1436916},
	MRREVIEWER = {Peter J. Eccles},
	DOI = {10.1090/conm/202/02582},
	URL = {https://doi-org.ezproxy.lib.purdue.edu/10.1090/conm/202/02582},
}

@article {BalFiedSchwVogt,
	AUTHOR = {Balteanu, C. and Fiedorowicz, Z. and Schw\"{a}nzl, R. and Vogt,
	R.},
	TITLE = {Iterated monoidal categories},
	JOURNAL = {Adv. Math.},
	FJOURNAL = {Advances in Mathematics},
	VOLUME = {176},
	YEAR = {2003},
	NUMBER = {2},
	PAGES = {277--349},
	ISSN = {0001-8708},
	MRCLASS = {18D10 (55P35)},
	MRNUMBER = {1982884},
	MRREVIEWER = {Pilar C. Carrasco},
	DOI = {10.1016/S0001-8708(03)00065-3},
	URL = {https://doi-org.ezproxy.lib.purdue.edu/10.1016/S0001-8708(03)00065-3},
}

@article{Bathigher,
	Author = {Batanin, M. A.},
	Date-Added = {2019-11-18 19:22:49 -0500},
	Date-Modified = {2019-11-18 19:22:49 -0500},
	Doi = {10.1006/aima.1998.1724},
	Fjournal = {Advances in Mathematics},
	Issn = {0001-8708},
	Journal = {Adv. Math.},
	Mrclass = {18D05 (55P15)},
	Mrnumber = {1623672},
	Mrreviewer = {R. H. Street},
	Number = {1},
	Pages = {39--103},
	Title = {Monoidal globular categories as a natural environment for the theory of weak {$n$}-categories},
	Url = {https://doi-org.ezproxy.lib.purdue.edu/10.1006/aima.1998.1724},
	Volume = {136},
	Year = {1998},
	Bdsk-Url-1 = {https://doi-org.ezproxy.lib.purdue.edu/10.1006/aima.1998.1724},
	Bdsk-Url-2 = {https://doi.org/10.1006/aima.1998.1724}}

@article {Rezkhigher,
	AUTHOR = {Rezk, Charles},
	TITLE = {A {C}artesian presentation of weak {$n$}-categories},
	JOURNAL = {Geom. Topol.},
	FJOURNAL = {Geometry \& Topology},
	VOLUME = {14},
	YEAR = {2010},
	NUMBER = {1},
	PAGES = {521--571},
	ISSN = {1465-3060},
	MRCLASS = {18D05 (55U40)},
	MRNUMBER = {2578310},
	DOI = {10.2140/gt.2010.14.521},
	URL = {https://doi-org.ezproxy.lib.purdue.edu/10.2140/gt.2010.14.521},
}

@article{HVZ,
	Author = {Harrelson, Eric and Voronov, Alexander A. and Z{\'u}{\~n}iga, J. Javier},
	Coden = {LMPHDY},
	Doi = {10.1007/s11005-010-0418-0},
	Fjournal = {Letters in Mathematical Physics. A Journal for the Rapid Dissemination of Short Contributions in the Field of Mathematical Physics},
	Issn = {0377-9017},
	Journal = {Lett. Math. Phys.},
	Mrclass = {32G81 (18D50 32G15 57R56 81T45)},
	Mrnumber = {2720252 (2011h:32014)},
	Mrreviewer = {Andrey Yu. Lazarev},
	Number = {1},
	Pages = {1--26},
	Title = {Open-closed moduli spaces and related algebraic structures},
	Url = {http://dx.doi.org/10.1007/s11005-010-0418-0},
	Volume = {94},
	Year = {2010},
	Bdsk-Url-1 = {http://dx.doi.org/10.1007/s11005-010-0418-0}}

@article{hoch2,
	Author = {Kaufmann, Ralph M.},
	Doi = {10.4171/JNCG/22},
	Fjournal = {Journal of Noncommutative Geometry},
	Issn = {1661-6952},
	Journal = {J. Noncommut. Geom.},
	Mrclass = {55P48 (16E40 18D50 32G15)},
	Mrnumber = {2411420 (2009e:55015)},
	Mrreviewer = {Hossein Abbaspour},
	Number = {3},
	Pages = {283--332},
	Title = {Moduli space actions on the {H}ochschild co-chains of a {F}robenius algebra. {II}. {C}orrelators},
	Url = {http://dx.doi.org/10.4171/JNCG/22},
	Volume = {2},
	Year = {2008},
	Bdsk-Url-1 = {http://dx.doi.org/10.4171/JNCG/22}}
